@article{LeePark:1989,
    Abstract = {Investigates the electrical and magnetic properties of the superconducting oxides with nominal composition lead-doped bismuth-strontium-calcium-copper-oxygen superconductors prepared from polymeric precursors. Dependence of the superconducting transition temperature on heat treatment time; Measurement of electrical resistivity and critical current density.},
    Author   = {Lee, H. K. and Lee, K. W. and Park, K. and Huang, N. M. and Oh, O. K. and Kim, J. S. and Yoo, K. H. and Kim, Y. B. and Kim, C. S. and Cho, Y. K. and Park, J. C. and Suck, S. I.},
    ISSN     = {00218979},
    Journal  = {Journal of Applied Physics},
    Keywords = {SUPERCONDUCTORS, LEAD, BISMUTH crystals},
    Number   = {4},
    Pages    = {1881},
    Title    = {Preparation and properties of Pb-doped Bi-Sr-Ca-Cu-O superconductors.},
    Volume   = {66},
    URL      = {https://www-lib-byu-edu.erl.lib.byu.edu/cgi-bin/remoteauth.pl?url=http://search.ebscohost.com.erl.lib.byu.edu/login.aspx?direct=true&db=iih&AN=7626430&site=ehost-live&scope=site},
    Year     = {1989},
}

@article{yanagisawa:1988,
    title   ={Properties of Pb-Doped Bi-Sr-Ca-Cu-O Superconductors},
    author  ={Yanagisawa, E. and Dietderich, D.R. and Kumakura, H. and Togano, K. and Maeda, H. and Takahashi, K.},
    journal ={Japanese journal of applied physics},
    volume  ={27},
    number  ={8},
    pages   ={L1460--L1462},
    year    ={1988}
}

@article{Green:1989,
    Abstract = {Presents the results of a systematic study on compositional variations within the (Bi,Pb)[sub2]Sr[sub2]Ca[sub2]Cu[sub3]O[subδ] superconducting system. Superconducting phases that have been identified in the system; Details on the 2223 polytypoid; Preliminary results of transport critical current measurements at liquid-nitrogen temperature in zero applied field; Experimental procedure.},
    Author   = {Green, S. M. and Mei, Yu and Manzi, A. E. and Luo, H. L. and Ramesh, R. and Thomas, G.},
    ISSN     = {00218979},
    Journal  = {Journal of Applied Physics},
    Keywords = {SUPERCONDUCTIVITY, NITROGEN, TEMPERATURE},
    Number   = {2},
    Pages    = {728},
    Title    = {Effects of compositional variations on the properties of superconducting (Bi,Pb)2Sr2Ca2Cu3Oδ.},
    Volume   = {66},
    URL      = {https://www-lib-byu-edu.erl.lib.byu.edu/cgi-bin/remoteauth.pl?url=http://search.ebscohost.com.erl.lib.byu.edu/login.aspx?direct=true&db=iih&AN=7632059&site=ehost-live&scope=site},
    Year     = {1989},
    }


@article{Rehman:2009,
    title    = "Thermal and electrothermal characterization of bismuth based high-Tc superconductors",
    journal  = "Journal of Alloys and Compounds",
    volume   = "469",
    number   = "1â€“2",
    pages    = "66 - 72",
    year     = "2009",
    note     = "",
    issn     = "0925-8388",
    doi      = "10.1016/j.jallcom.2008.02.023",
    url      = "http://www.sciencedirect.com/science/article/pii/S0925838808002788",
    author   = "M. Anis-ur-Rehman",
    keywords = "High-<span style='font-style: italic'>T</span><sub>c</sub> superconductors",
    keywords = "Thermoelectric materials",
    keywords = "Solid-state reactions",
    keywords = "Crystal structure",
    keywords = "Electronâ€“phonon interactions",
    keywords = "Heat capacity",
    keywords = "Heat conduction",
    keywords = "Phase transitions",
    keywords = "Thermoelectric",
    keywords = "Thermal analysis",
    keywords = "X-ray diffraction"
}

@article{Asghari:2011,
    title  = "Thermophysical Properties ofBi-based High-Tc Superconductors",
    author = {Asghari  Maqsood1, M.  Anis-ur-Rehman2},
    book   = Applications of High-Tc Superconductivity,
    year   = {2011-06-27},
    doi    = {},
    url    = {http://www.intechopen.com/books/export/citation/BibTex/applications-of-high-tc-superconductivity/thermophysical-properties-of-bi-based-high-tc-superconductors}
    }
